<record><leader>00000cas a22000007a 4500</leader><controlfield tag="001">21962060</controlfield><controlfield tag="008">900705c19899999nhuwr ne      0   a0eng d</controlfield><datafield ind1=" " ind2=" " tag="010"><subfield code="a">sn 90062408 </subfield></datafield><datafield ind1=" " ind2=" " tag="040"><subfield code="a">NHS</subfield><subfield code="b">eng</subfield><subfield code="c">NHS</subfield><subfield code="d">NVH</subfield><subfield code="d">OCLCQ</subfield></datafield><datafield ind1=" " ind2=" " tag="042"><subfield code="a">msc</subfield></datafield><datafield ind1="0" ind2="0" tag="245"><subfield code="a">Country town ledger.</subfield></datafield><datafield ind1=" " ind2=" " tag="260"><subfield code="a">Deerfield, N.H. :</subfield><subfield code="b">J.H. Kelley</subfield></datafield><datafield ind1=" " ind2=" " tag="300"><subfield code="a">v.</subfield></datafield><datafield ind1=" " ind2=" " tag="310"><subfield code="a">Weekly</subfield></datafield><datafield ind1="1" ind2=" " tag="362"><subfield code="a">Began in Nov. 1989.</subfield></datafield><datafield ind1=" " ind2=" " tag="588"><subfield code="a">Description based on: Vol. 1, no. 30 (June 7, 1990).</subfield></datafield><datafield ind1=" " ind2=" " tag="752"><subfield code="a">United States.</subfield><subfield code="b">New Hampshire.</subfield><subfield code="c">Rockingham.</subfield><subfield code="d">Deerfield.</subfield></datafield><datafield ind1="0" ind2="0" tag="780"><subfield code="t">Deerfield country ledger.</subfield></datafield></record>